@BOOK{tannenbaum,
	title = "Modern Operating Systems",
	author = "Andrew S. Tanenbaum",
	publisher = "Pearson Education International",
	year = "2009",
	edition = "3"
}

@MISC{ethics,
  title = {Code of Ethics},
  howpublished = {\url{http://www.acm.org/about/code-of-ethics}},
  note = {Accessed: 2013-03-09}
}

@MISC{builtwith_faq,
  title = {Frequently Asked Questions - Web and Internet Technology Usage Statistics},
  howpublished = {\url{http://trends.builtwith.com/faq.aspx}},
  note = {Accessed: 2013-03-09}
}

@MISC{mysitecost_phpzag,
  title = {How much is http://www.phpzag.com worth},
  howpublished = {\url{http://mysitecost.com/phpzag.com}},
  note = {Accessed: 2013-03-09}
}

@MISC{phpzag,
  title = {Top 5 PHP Frameworks 2012},
  howpublished = {\url{http://www.phpzag.com/top-5-php-frameworks-2012/}},
  note = {Accessed: 2013-03-09}
}

@MISC{tiobe_def,
  title = {TIOBE Programming Community Index Definition},
  howpublished = {\url{http://www.tiobe.com/index.php/content/paperinfo/tpci/tpci_definition.htm}},
  note = {Accessed: 2013-03-09}
}

@MISC{tiobe_res,
  title = {TIOBE Programming Community Index for April 2013},
  howpublished = {\url{http://www.tiobe.com/index.php/content/paperinfo/tpci/index.html}},
  note = {Accessed: 2013-03-09}
}

@MISC{django,
  title = {The Web framework for perfectionists with deadlines},
  howpublished = {\url{https://www.djangoproject.com}},
  note = {Accessed: 2013-03-09}
}

@MISC{zend,
  title = {Zend Framework - About},
  howpublished = {\url{http://framework.zend.com/about/}},
  note = {Accessed: 2013-03-09}
}

@MISC{nette,
  title = {Nette Framework},
  howpublished = {\url{http://nette.org/en/}},
  note = {Accessed: 2013-03-09}
}

@MISC{javaee,
  title = {The Java Programming Language Platforms - Java EE},
  howpublished = {\url{http://docs.oracle.com/javaee/6/firstcup/doc/gkhoy.html#gcrlz}},
  note = {Accessed: 2013-03-09}
}

@MISC{m23,
  title = {Welcome to m23!},
  howpublished = {\url{http://m23.sourceforge.net/PostNuke-0.750/html/index.php}},
  note = {Accessed: 2013-04-28}
}

@MISC{openstack,
  title = {OpenStack: The Open Source Cloud Operating System},
  howpublished = {\url{http://www.openstack.org/software/}},
  note = {Accessed: 2013-03-09}
}

@MISC{eucalyptus,
  title = {The Eucalyptus Cloud},
  howpublished = {\url{http://www.eucalyptus.com/eucalyptus-cloud/iaas}},
  note = {Accessed: 2013-03-09}
}

@MISC{opennebula,
  title = {About the OpenNebula.org Project},
  howpublished = {\url{http://opennebula.org/about:about}},
  note = {Accessed: 2013-03-09}
}

@MISC{aws,
  title = {Amazon Elastic Compute Cloud (Amazon EC2)},
  howpublished = {\url{http://aws.amazon.com/ec2/}},
  note = {Accessed: 2013-03-09}
}

@MISC{dw_about,
  title = {About DistroWatch},
  howpublished = {\url{http://distrowatch.com/dwres.php?resource=about}},
  note = {Accessed: 2013-03-14}
}

@MISC{webserver_usage,
  title = {January 2013 Web Server Survey},
  howpublished = {\url{http://news.netcraft.com/archives/2013/01/07/january-2013-web-server-survey-2.html}},
  note = {Accessed: 2013-03-15}
}

@MISC{fai_about,
  title = {This is FAI (Fully Automatic Installation) for Linux},
  howpublished = {\url{https://github.com/faiproject/fai}},
  note = {Accessed: 2013-03-16}
}

@MISC{fai_home,
  title = {FAI - Fully Automatic Installation},
  howpublished = {\url{http://fai-project.org}},
  note = {Accessed: 2013-03-16}
}

@MISC{cobbler,
  title = {Welcome to Cobbler!},
  howpublished = {\url{http://www.cobblerd.org}},
  note = {Accessed: 2013-03-16}
}

@MISC{yast,
  title = {Welcome to the YaST Portal},
  howpublished = {\url{http://en.opensuse.org/Portal:YaST}},
  note = {Accessed: 2013-03-16}
}

@MISC{autoyast,
  title = {Welcome to the YaST Portal},
  howpublished = {\url{http://users.suse.com/~ug/autoyast_doc/introduction.html}},
  note = {Accessed: 2013-03-16}
}

@MISC{kickstart,
  title = {What are Kickstart Installations?},
  howpublished = {\url{http://docs.fedoraproject.org/en-US/Fedora/13/html/Installation_Guide/ch-kickstart2.html}},
  note = {Accessed: 2013-03-16}
}

@MISC{anaconda,
  title = {Anaconda},
  howpublished = {\url{http://fedoraproject.org/wiki/Anaconda}},
  note = {Accessed: 2013-03-16}
}

@MISC{symfony_conventions,
  title = {Coding Standards - Symfony},
  howpublished = {\url{http://symfony.com/doc/current/contributing/code/standards.html}},
  note = {Accessed: 2013-03-16}
}

@MISC{xmlrpc,
  title = {XML-RPC Specification},
  howpublished = {\url{http://xmlrpc.scripting.com/spec.html}},
  note = {Accessed: 2013-04-28}
}

@MISC{rpyc,
  title = {RPyC - Transparent, Symmetric Distributed Computing},
  howpublished = {\url{http://rpyc.readthedocs.org/en/latest/}},
  note = {Accessed: 2013-04-28}
}

@MISC{soap,
  title = {Simple Object Access Protocol (SOAP) 1.1},
  howpublished = {\url{http://www.w3.org/TR/2000/NOTE-SOAP-20000508/}},
  note = {Accessed: 2013-04-28}
}

@MISC{celery,
  title = {Celery: Distributed Task Queue},
  howpublished = {\url{http://celeryproject.org}},
  note = {Accessed: 2013-04-28}
}

@MISC{huey,
  title = {Huey, a little task queue},
  howpublished = {\url{https://github.com/coleifer/huey/}},
  note = {Accessed: 2013-04-28}
}

@MISC{rabbitmq_official,
  title = {What can RabbitMQ do for you?},
  howpublished = {\url{http://www.rabbitmq.com/features.html}},
  note = {Accessed: 2013-04-28}
}

@MISC{rabbitmq,
  title = {RabbitMQ â€“ A Fast, Reliable Queuing Option for Rubyists},
  howpublished = {\url{http://www.rubyinside.com/rabbitmq-a-fast-reliable-queuing-option-for-rubyists-1681.html}},
  note = {Accessed: 2013-04-28}
}

@MISC{redis,
  title = {Introduction to Redis},
  howpublished = {\url{http://redis.io/topics/introduction}},
  note = {Accessed: 2013-04-28}
}

@MISC{fosuserbundle,
  title = {FOSUserBundle},
  howpublished = {\url{http://github.com/FriendsOfSymfony/FOSUserBundle}},
  note = {Accessed: 2013-04-29}
}

@MISC{fosfacebookbundle,
  title = {FOSFacebookBundle},
  howpublished = {\url{https://github.com/FriendsOfSymfony/FOSFacebookBundle}},
  note = {Accessed: 2013-04-29}
}

@MISC{redisbundle,
  title = {RedisBundle},
  howpublished = {\url{https://github.com/snc/SncRedisBundle}},
  note = {Accessed: 2013-04-29}
}

@BOOK{cc_guide,
	title = "A Brief Guide to Cloud Computing",
	author = "Christopher Barnatt",
	isbn = "978-1-84901-406-9",
	publisher = "Constable \& Robinson Ltd",
	edition = "1"
}

@MANUAL{iso690,
	organization = "\'U\v rad pro technickou normalizaci, metrologii a st\'atn\'\i{} zku\v sebnictv\'\i{}",
	title = "\v CSN ISO 690 Informace a dokumentace -- Pravidla pro bibliografick\'e odkazy a citace informa\v cn\'\i{}ch zdroj{\r u}",
	year = "2011"
}

@MANUAL{asd,
    title = "Modern Operating Systems",
    organization = "WWW Consorcium",
    url = "http://www.w3.org/TR/2003/REC-SVG11-20030114/",
    note = "[cit. 2011-07-07]",
    key = "svg"
}
